
@book{tensor_etymology_russo,
  title={The Origins of Mathematical Words: A Comprehensive Dictionary of Latin, Greek, and Arabic Roots},
  author={John Aldrich},
  year={2010},
  publisher={Mathematical Association of America}
}

@book{hamilton_tensor,
  title={Lectures on Quaternions},
  author={William Rowan Hamilton},
  year={1853},
  publisher={Hodges and Smith}
}
